<record><leader>00000cas a22000007a 4500</leader><controlfield tag="001">13457644</controlfield><controlfield tag="008">860419d19081909nvudn ne      0    0eng d</controlfield><datafield ind1=" " ind2=" " tag="010"><subfield code="a">sn 86091337 </subfield></datafield><datafield ind1=" " ind2=" " tag="040"><subfield code="a">UNP</subfield><subfield code="b">eng</subfield><subfield code="c">UNP</subfield><subfield code="d">NNX</subfield><subfield code="d">OCLCQ</subfield></datafield><datafield ind1=" " ind2=" " tag="042"><subfield code="a">msc</subfield></datafield><datafield ind1=" " ind2="4" tag="050"><subfield code="a">AN2.N3</subfield><subfield code="b">D34</subfield></datafield><datafield ind1="0" ind2=" " tag="130"><subfield code="a">Daily free press (Elko, Nev. : 1908)</subfield></datafield><datafield ind1="1" ind2="0" tag="245"><subfield code="a">Daily free press.</subfield></datafield><datafield ind1="1" ind2="3" tag="246"><subfield code="a">Elko free press</subfield></datafield><datafield ind1=" " ind2=" " tag="260"><subfield code="a">Elko, Nev. :</subfield><subfield code="b">G.B. Russell,</subfield><subfield code="c">1908-1909.</subfield></datafield><datafield ind1=" " ind2=" " tag="300"><subfield code="a">1 v. :</subfield><subfield code="b">ill. (chiefly ads.)</subfield></datafield><datafield ind1=" " ind2=" " tag="310"><subfield code="a">Daily (except Sun.)</subfield></datafield><datafield ind1="0" ind2=" " tag="362"><subfield code="a">Vol. 53, no. 52 (Feb. 17, 1908)-v. 53, no. 328 (Feb. 8, 1909).</subfield></datafield><datafield ind1=" " ind2=" " tag="752"><subfield code="a">United States</subfield><subfield code="b">Nevada</subfield><subfield code="c">Elko</subfield><subfield code="d">Elko.</subfield></datafield><datafield ind1="0" ind2="0" tag="780"><subfield code="t">Free press (Elko, Nev.)</subfield><subfield code="w">(DLC)sn 86091336</subfield><subfield code="w">(OCoLC)13457628</subfield></datafield><datafield ind1="0" ind2="0" tag="785"><subfield code="t">Elko free press</subfield><subfield code="w">(DLC)sn 86091338</subfield><subfield code="w">(OCoLC)13457661</subfield></datafield></record>